@ARTICLE{takeuchi:2014:nima,
  JOURNAL        = " Nucl. Instr. Meth. A ",
  VOLUME         = " 763 ",
  PAGES          = " 596 ",
  YEAR           = " 2014 ",
  AUTHOR         = " S. Takeuchi and T. Motobayashi and Y. Togano and M. Matsushita and N. Aoi and K. Demichi and H. Hasegawa and H. Murakami "
}

@ARTICLE{GRAPE,
author = {S.~Shimoura~\textit{et al.}},
title = {},
journal = {Nucl. Inst. and Meth. {\bf A} 525, 188},
year = {2004},
OPTkey = {},
OPTvolume = {},
OPTnumber = {},
OPTpages = {},
OPTmonth = {},
OPTnote = {},
OPTannote = {}
}

@ARTICLE{SGT,
author = {M.K.~Suzuki~\textit{et al.}},
title = {Performance of strip Ge telescope for in-beam $\gamma$-ray spectroscopy},
journal = {RIKEN Accel. Progr. Rep. {\bf 37}, 153},
year = {2004}
}

@ARTICLE{GEANT4,
author = {S.~Agostinelli~\textit{et al.}},
title = {GEANT4 \- A simulation toolkit},
journal = {Nucl. Instr. Meth. {\bf A} 506, 250},
year = {2003}
}

@ARTICLE{ROOT,
author = {{\ttfamily http://root.cern.ch/}},
title = {},
journal = {},
year = {}
}
@ARTICLE{BORREL,
author = {V.~Borrel~\textit{et al.}},
title = {},
journal = {Z. Phys. {\bf A} 314,  191},
year = {1983}
}
@ARTICLE{GOLDHABER,
author = {A.S.~Goldhaber},
title = {},
journal = {Phys. Lett. {\bf B} 53, 306},
year = {1974}
}
