@ARTICLE{DALI,
author = {S.~Takeuchi~\textit{et al.}},
title = {},
journal = {RIKEN Accel. Progr. Rep. {\bf 36}, 148 },
year = {2003}
}

@ARTICLE{GRAPE,
author = {S.~Shimoura~\textit{et al.}},
title = {},
journal = {Nucl. Inst. and Meth. {\bf A} 525, 188},
year = {2004},
OPTkey = {},
OPTvolume = {},
OPTnumber = {},
OPTpages = {},
OPTmonth = {},
OPTnote = {},
OPTannote = {}
}

@ARTICLE{SGT,
author = {M.K.~Suzuki~\textit{et al.}},
title = {Performance of strip Ge telescope for in-beam $\gamma$-ray spectroscopy},
journal = {RIKEN Accel. Progr. Rep. {\bf 37}, 153},
year = {2004}
}

@ARTICLE{GEANT4,
author = {S.~Agostinelli~\textit{et al.}},
title = {GEANT4 \- A simulation toolkit},
journal = {Nucl. Instr. Meth. {\bf A} 506, 250},
year = {2003}
}

@ARTICLE{ROOT,
author = {{\ttfamily http://root.cern.ch/}},
title = {},
journal = {},
year = {}
}
@ARTICLE{BORREL,
author = {V.~Borrel~\textit{et al.}},
title = {},
journal = {Z. Phys. {\bf A} 314,  191},
year = {1983}
}
@ARTICLE{GOLDHABER,
author = {A.S.~Goldhaber},
title = {},
journal = {Phys. Lett. {\bf B} 53, 306},
year = {1974}
}

@article{Giaz2013910,
title = {Characterization of large volume 3.5'' $\times$ 8'' LaBr3:Ce detectors },
journal = {Nuclear Instruments and Methods in Physics Research Section A: Accelerators, Spectrometers, Detectors and Associated Equipment },
volume = {729},
number = {0},
pages = {910 - 921},
year = {2013},
issn = {0168-9002},
doi = {http://dx.doi.org/10.1016/j.nima.2013.07.084},
url = {http://www.sciencedirect.com/science/article/pii/S016890021301111X},
author = {A. Giaz~\textit{et al.} }
}
and L. Pellegri and S. Riboldi and F. Camera and N. Blasi and C. Boiano and A. Bracco and S. Brambilla and S. Ceruti and S. Coelli and F.C.L. Crespi and M. Csatlòs and S. Frega and J. Gulyàs and A. Krasznahorkay and S. Lodetti and B. Million and A. Owens and F. Quarati and L. Stuhl and O. Wieland